@BOOK{Ref1,
author = {ALAN B.CRAIG},
title = {UN DERSTANDING AUGMENTED REALITY concepts and applications},
year = 2013,
pages = {1 267}
}
@ARTICAL{Ref2,
author = {S. Kanaga Suba Raja . C. Viswanathan,D. Sivakumar . M. Vivekanandan},
title = {Secured Smart Home Energy Monitoring System (SSHEMS) using Raspberry Pi},
journal = {Journal of Theoretical and Applied Information Technology},
year = 2014,
volume = 66,
pages = {305 314},
url = {http://www.jatit.org/volumes/Vol66No1/23Vol66No1.pdf},
note = {Accessed January 2017}
}
@ONLINE{Ref3,
author = {Raspberry Pi Foundation UK registered charity 1129409},
title = {RaspberryPi},
year = {2012},
url = {http://www.raspberrypi.org/},
note = {Accessed January 2017}
}
@BOOK{Ref6,
author = {Diane Lingrand},
title = {Introduction au traitement d'images},
year = 2008,
pages = {1224}
}
@Article{Ref7,
author = {c.frebourg },
title = {La cuisine du futur vue par Sony},
url = {http://www.domotique-news.com/2014/09/06/cuisine-du-futur-vue-sony/},
year = {2014}, 
note = {Accessed January 2017}
}
@ONLINE{Ref9,
author = {Sergio Garrido},
title = {détection ArUco marqueur},
url= {http://docs.opencv.org/3.1.0/d9/d6d/tutorial_table_of_content_aruco.html},
year = 2015,
note = {Accessed January 2017 }
}
@ONLINE{Ref10,
author = {ZODIANET Home Robotics},
title = {Comparaison des protocoles domotiques},
url = {http://www.zodianet.com/la-toolbox/protocols-comparison.html},
note = {Accessed January 2017}
}

@ONLINE{Ref11,
author = {LAURENT},
title = {LES APPLICATIONS DOMOTIQUES POUR ANDROID},
year = {2012},
url = {http://blog.domadoo.fr/22837-les-applications-domotiques-pour-android/},
note = {Accessed January 2017}
}
@BOOK{Ref12,
author = {Brun Pierre},
title = {La domotique},
year = {1992},
pages = {1125}
}

@BOOK{Ref14,
author = {Marc-Olivier Schwartz },
title = {Raspberry Pi et l'ESP 8266 pour la domotique},
year = 2016
}
@ONLINE{Ref15,
author = {DOMODEP entreprise},
title = {La Domotique c'est quoi ?},
url = {http://www.domodep.com/qui-sommes-nous.html},
note = {Accessed January 2017}
}
@ONLINE{Ref16,
author = {OpenCV},
title = {Markers and Dictionaries},
url = {http://docs.opencv.org/3.1.0/d5/dae/tutorial_aruco_detection.html},
note = {Accessed January 2017}
}
@ONLINE{Ref17,
author = {Grégory Maubon},
title = {C'est quoi la réalité augmentée},
url = {http://www.augmented-reality.fr/cest-quoi-la-realite-augmentee/},
note = {Accessed January 2017}
}
@ONLINE{Ref4,
author = {Juan Mellado},
title = {ArUco: a minimal library for Augmented Reality applications based on OpenCv},
url = {http://www.uco.es/investiga/grupos/ava/node/26},
note = {Accessed Mars 2017}
}
@ONLINE{Ref18,
author = {Régis},
url = {http://www.windtopik.fr/debuter-gpio/},
year = 2014,
note = {Accessed March 2017 }
}
@ONLINE{Ref19,
author = {Stéphanie Moallic},
url = {http://www.duchess-france.org/presentation-de-ionic-framework/},
year = 2015,
note = {Accessed March 2017 }
}
@ONLINE{Ref20,
author = {GRAFIKART},
url = {https://www.grafikart.fr/blog/raspberry-pi-utilisation},
year = 2015,
note = {Accessed March 2017 }
}
@ONLINE{Ref21,
author = {MQTT},
url = {http://mqtt.org/},
year = 2017,
note = {Accessed March 2017 }
}
@ONLINE{Ref22,
author = {PRIVATEEYEPI},
url = {http://projects.privateeyepi.com/home/home-alarm-system-project/installation/install-python-run-time-environment},
year = 2014,
note = {Accessed March 2017 }
}
@ONLINE{Ref23,
author = {RASPBERRYPI},
url = {https://www.raspberrypi.org/documentation/remote-access/ssh/},
year = 2017,
note = {Accessed March 2017 }
}
@ONLINE{Ref24,
author = {RASPBERRYPI},
url = {https://www.raspberrypi.org/documentation/remote-access/ssh/unix.md},
year = 2017,
note = {Accessed March 2017 }
}
@ONLINE{Ref25,
author = {RANDOMNERDTUTORIALS},
url = {https://randomnerdtutorials.com/how-to-install-mosquitto-broker-on-raspberry-pi/},
year = 2017,
note = {Accessed March 2017 }
}
@ONLINE{Ref26,
author = {HIVEMQ},
url = {http://www.hivemq.com/blog/how-to-get-started-with-mqtt},
year = 2017,
note = {Accessed March 2017 }
}
@ONLINE{Ref27,
author = {TECHOPEDIA},
url = {https://www.techopedia.com/definition/28247/internet-of-things-iot},
year = 2017,
note = {Accessed March 2017 }
}
@ONLINE{Ref28,
author = {ECLIPSE},
url = {http://www.eclipse.org/paho/
},
year = 2017,
note = {Accessed March 2017 }
}
@ONLINE{Ref29,
author = {MOSQUITTO},
url = {https://mosquitto.org/},
year = 2017,
note = {Accessed March 2017 }
}
@ONLINE{Ref30,
author = {GameBench},
url = {https://www.gamebench.net/},
year = 2017,
note = {Accessed April 2017 }
}
@ONLINE{Ref31,
author = {DigitalOcean},
url = {https://www.digitalocean.com/community/questions/how-to-setup-a-mosquitto-mqtt-server-and-receive-data-from-owntracks},
year = 2017,
note = {Accessed April 2017 }
}
@ONLINE{Ref32,
author = {HIVEMQ},
url = {http://www.hivemq.com/blog/mqtt-essentials-part-3-client-broker-connection-establishment},
year = 2017,
note = {Accessed April 2017 }
}
@ONLINE{Ref33,
author = {Atomrace},
title = {Angular JS},
url = {http://atomrace.com/introduction-a-angularjs-les-outils-du-developpeur/},
note = {Accessed January 2017}
}
@ONLINE{Ref34,
author = {Apach cordova},
url = {https://cordova.apache.org/docs/fr/latest/guide/overview/},
year = 2016,
note = {Accessed March 2017 }
}