@BOOK{Ref1,
author = {ALAN B.CRAIG},
title = {UNDERSTANDING AUGMENTED REALITY concepts and applications},
year = 2013,
pages = {1−267}
}
@ARTICAL{Ref2,
author = {S. Kanaga Suba Raja,C. Viswanathan,D. Sivakumar,M. Vivekanandan},
title = {Secured Smart Home Energy Monitoring System (SSHEMS) using Raspberry Pi},
journal = {Journal of Theoretical and Applied Information Technology},
year = 2014,
volume = 66,
pages = {305−314},
url = {http://www.jatit.org/volumes/Vol66No1/23Vol66No1.pdf}
}
@ONLINE{Ref3,
author = {Raspberry Pi Foundation UK registered charity 1129409},
title = {RaspberryPi},
year = {2012},
url = {http://www.raspberrypi.org/}
}
@ONLINE{Ref4,
author = {Massimo,David},
title = {Arduino},
year = {2011},
url = {https://www.arduino.cc/en/Reference/HomePage}
}

