@BOOK{Ref1,
author = {ALAN B.CRAIG},
title = {UNDERSTANDING AUGMENTED REALITY concepts and applications},
year = 2013,
pages = {1 267}
}
@ARTICAL{Ref2,
author = {S. Kanaga Suba Raja . C. Viswanathan,D. Sivakumar . M. Vivekanandan},
title = {Secured Smart Home Energy Monitoring System (SSHEMS) using Raspberry Pi},
journal = {Journal of Theoretical and Applied Information Technology},
year = 2014,
volume = 66,
pages = {305 314},
url = {http://www.jatit.org/volumes/Vol66No1/23Vol66No1.pdf},
note = {Accessed January 2017}
}
@ONLINE{Ref3,
author = {Raspberry Pi Foundation UK registered charity 1129409},
title = {RaspberryPi},
year = {2012},
url = {http://www.raspberrypi.org/},
note = {Accessed January 2017}
}
@BOOK{Ref6,
author = {Diane Lingrand},
title = {Introduction au traitement d'images},
year = 2008,
pages = {1224}
}
@Article{Ref7,
author = {c.frebourg },
title = {La cuisine du futur vue par Sony},
url = {http://www.domotique-news.com/2014/09/06/cuisine-du-futur-vue-sony/},
year = {2014}, 
note = {Accessed January 2017}
}
@ONLINE{Ref9,
author = {Sergio Garrido},
title = {détection ArUco marqueur},
url= {http://docs.opencv.org/3.1.0/d9/d6d/tutorial_table_of_content_aruco.html},
year = 2015,
note = {Accessed January 2017 }
}
@ONLINE{Ref10,
author = {ZODIANET Home Robotics},
title = {Comparaison des protocoles domotiques},
url = {http://www.zodianet.com/la-toolbox/protocols-comparison.html},
note = {Accessed January 2017}
}
@ONLINE{Ref11,
author = {LAURENT},
title = {LES APPLICATIONS DOMOTIQUES POUR ANDROID},
year = {2012},
url = {http://blog.domadoo.fr/22837-les-applications-domotiques-pour-android/},
note = {Accessed January 2017}
}
@BOOK{Ref12,
author = {Brun Pierre},
title = {La domotique},
year = {1992},
pages = {1125}
}

@BOOK{Ref14,
author = {Marc-Olivier Schwartz },
title = {Raspberry Pi et l'ESP 8266 pour la domotique},
year = 2016
}
@ONLINE{Ref15,
author = {DOMODEP entreprise},
title = {La Domotique c'est quoi ?},
url = {http://www.domodep.com/qui-sommes-nous.html},
note = {Accessed January 2017}
}
@ONLINE{Ref16,
author = {OpenCV},
title = {Markers and Dictionaries},
url = {http://docs.opencv.org/3.1.0/d5/dae/tutorial_aruco_detection.html},
note = {Accessed January 2017}
}
@ONLINE{Ref17,
author = {Grégory Maubon},
title = {C'est quoi la réalité augmentée},
url = {http://www.augmented-reality.fr/cest-quoi-la-realite-augmentee/},
note = {Accessed January 2017}
}